
@MISC{ avs-kit,
  AUTHOR = {Katedra měření},
  TITLE  = {Podpora pro AVS KIT},
  YEAR   = {2013},
  URL    = {http://measure.feld.cvut.cz/vyuka/predmety/A4M38AVS/AVSKIT},
  URLDATE= {2015-03-17},
}

@MISC{ cc-by-sa,
  AUTHOR = {creative commons},
  TITLE  = {Attribution-ShareAlike 2.0 Generic},
  YEAR   = {2015},
  URL    = {https://creativecommons.org/licenses/by-sa/2.0/},
  URLDATE= {2015-03-17},
}

@MISC{ gcc-arm-none-eabi,
  AUTHOR = {Debian},
  TITLE  = {Package gcc-arm-none-eabi},
  YEAR   = {2015},
  URL    = {https://packages.debian.org/search?keywords=gcc-arm-none-eabi},
  URLDATE= {2015-03-17},
}

@MISC{ st-link-github,
  AUTHOR = {Texane},
  TITLE  = {ST-Link},
  YEAR   = {2015},
  URL    = {https://github.com/texane/stlink},
  URLDATE= {2015-03-17},
}

