@BOOK{ some,
  AUTHOR =    { ... },
  TITLE =     { ... },
  PUBLISHER = { ... },
  YEAR =      { ... },
  MONTH =     aug,
  EDITION =   { ... }, 
  PAGES =     { ... },
  ISBN =      { ... },
}

@MANUAL{ some2,
  TITLE =  { ... },
  AUTHOR = { ... },
  YEAR =   { ... },
  URL =    { ... },
}

@MISC{ some3,
  TITLE  = { ... },
  YEAR   = { ... },
  URL    = { ... },
  URLDATE= { ... },
  KEY    = { ... },
}

